@report{bgs:14,
	AUTHOR = {{British Geriatrics Society}},
	YEAR = {2014},
	TITLE = {Fit for Frailty Part 1},
	TYPE = {best practice guidance},
	INSTITUTION = {British Geriatrics Society},
	URL = {http://www.bgs.org.uk/campaigns/fff/fff_full.pdf},
	URLDATE = {2017-10-18}
}

@article{rockwood:05,
	AUTHOR = {Kenneth Rockwood and Xiaowei Song and Chris MacKnight and Howard Bergman and David B. Hogan and
Ian McDowell and Arnold Mitnitski},
	YEAR = {2005},
	title={A global clinical measure of fitness and frailty in elderly people},
	journal={Canadian Medical Association Journal},
	volume={173},
	number={5},
	pages={489--495},
	publisher={Can Med Assoc}
}

http://www.bgs.org.uk/campaigns/fff/fff_full.pdf


